<?xml version="1.0" encoding="UTF-8"?><record xmlns="http://www.loc.gov/MARC21/slim" xmlns:cinclude="http://apache.org/cocoon/include/1.0" xmlns:zs="http://www.loc.gov/zing/srw/">
  <leader>00492cz  a2200133n  4500</leader>
  <controlfield tag="001">nb 99030966 </controlfield>
  <controlfield tag="003">DLC</controlfield>
  <controlfield tag="005">20040105141146.0</controlfield>
  <controlfield tag="008">990326n| acannaabn          |n aaa     c</controlfield>
  <datafield tag="010" ind1=" " ind2=" ">
    <subfield code="a">nb 99030966 </subfield>
  </datafield>
  <datafield tag="040" ind1=" " ind2=" ">
    <subfield code="a">Uk</subfield>
    <subfield code="b">eng</subfield>
    <subfield code="c">Uk</subfield>
    <subfield code="d">DLC</subfield>
  </datafield>
  <datafield tag="100" ind1="1" ind2="0">
    <subfield code="a">Crawford, Garry</subfield>
  </datafield>
  <datafield tag="670" ind1=" " ind2=" ">
    <subfield code="a">The gathering storm, 1998:</subfield>
    <subfield code="b">t.p. (Garry Crawford)</subfield>
  </datafield>
  <datafield tag="670" ind1=" " ind2=" ">
    <subfield code="a">Consuming sport, 2004:</subfield>
    <subfield code="b">CIP t.p. (Garry Crawford) data sheet (born March 29, 1972) galley (senior lecturer in Social and Cultural Studies, Sheffield Hallam Univ., UK)</subfield>
  </datafield>
</record>